@misc{ wiki:var,
author = "Wikipedia",
title = "Variance --- Wikipedia{,} The Free Encyclopedia",
year = "2017",
url = "https://en.wikipedia.org/w/index.php?title=Variance&oldid=806320371",
note = "[Online; accessed 25-October-2017]"
}
  
@misc{ wiki:fermi,
author = "Wikipedia",
title = "Fermiâ€“Dirac statistics --- Wikipedia{,} The Free Encyclopedia",
year = "2017",
url = "https://en.wikipedia.org/w/index.php?title=Fermi%E2%80%93Dirac_statistics&oldid=806909673",
note = "[Online; accessed 25-October-2017]"
}

@article{laser,
  author  = {Daniel Heinesen}, 
  title   = {Diffraction and angular resolution},
  year    = 2017,
  note    = {Diffraction and angular resolution, Lab 1}
}
