@ARTICLE{Noe,
      author = {Ioannou, G and Kritikos, M and Prastacos, G},
      title = {A greedy look-ahead heuristic for the vehicle routing problem with time windows},
      journal = {J Oper Res Soc},
      year = {2001},
      volume = {52},
      pages = {523--537},
      number = {5},
      month = apr,
      __markedentry = {[duongh:6]},
      issn = {0160-5682},
      owner = {d},
      publisher = {Palgrave Publishers Ltd},
      timestamp = {2013.03.29},
      url = {http://dx.doi.org/10.1057/palgrave.jors.2601113}
    }
@Misc{Jwst,
Author = "NASA",
Title = "About the James Webb Space Telescope",
url = "https://jwst.nasa.gov/about.html",
year = 2017
}
@Misc{hubbel,
Author = "ESA",
Title = "FAQ - Frequently Asked Questions",
url = "https://www.spacetelescope.org/about/faq/",
year = 2017
}
@misc{ wiki:Airy,
    author = "Wikipedia",
    title = "Airy disk --- Wikipedia{,} The Free Encyclopedia",
    year = "2017",
    url = "https://en.wikipedia.org/w/index.php?title=Airy_disk&oldid=795929358",
    note = "[Online; accessed 
29-September-2017
]"
  }
@misc{ wiki:Arago,
    author = "Wikipedia",
    title = "Arago spot --- Wikipedia{,} The Free Encyclopedia",
    year = "2017",
    url = "https://en.wikipedia.org/w/index.php?title=Arago_spot&oldid=798072517",
    note = "[Online; accessed 
29-September-2017
]"
}
@inbook{bolger,
  author       = {Arnt Inge Vistnes}, 
  title        = {Svingninger og bolger},
  chapter      = 13,
  pages        = {394},
  year         = 2016
}
@Misc{laser,
Author = "RP Photonics",
Title = "Red Lasers, Encyclopedia of Laser Physics and Techonlogy",
url = "https://www.rp-photonics.com/red_lasers.html",
year = 2017
}
